%% This BibTeX bibliography file was created using BibDesk.
%% http://bibdesk.sourceforge.net/

%% Created for rxdh at 2017-01-31 23:51:46 -0800 


%% Saved with string encoding Unicode (UTF-8) 



@article{FrankGoodmanTenenbaum09_Wurwur,
	Author = {Frank, Michael C and Goodman, Noah D. and Tenenbaum, Joshua B},
	Date-Added = {2017-02-01 07:51:35 +0000},
	Date-Modified = {2017-02-01 07:51:37 +0000},
	Journal = {Psychological Science},
	Number = {5},
	Pages = {578--585},
	Publisher = {SAGE Publications},
	Title = {Using speakers' referential intentions to model early cross-situational word learning},
	Volume = {20},
	Year = {2009}}

@inproceedings{SchusterManning16,
	Author = {Schuster, Sebastian and Manning, Christopher D},
	Booktitle = {LREC 2016},
	Date-Added = {2017-01-31 22:09:07 +0000},
	Date-Modified = {2017-01-31 22:09:40 +0000},
	Title = {Enhanced english universal dependencies: An improved representation for natural language understanding tasks},
	Year = {2016}}

@article{WilkesGibbsClark92_CoordinatingBeliefs,
	Author = {Wilkes-Gibbs, Deanna and Clark, Herbert H},
	Date-Added = {2017-01-27 07:48:50 +0000},
	Date-Modified = {2017-01-27 07:48:50 +0000},
	Journal = {Journal of memory and language},
	Number = {2},
	Pages = {183--194},
	Publisher = {Elsevier},
	Title = {Coordinating beliefs in conversation},
	Volume = {31},
	Year = {1992}}

@article{BergenGoodman15_StrategicUseOfNoise,
	Author = {Bergen, Leon and Goodman, Noah D.},
	Date-Added = {2017-01-26 22:51:27 +0000},
	Date-Modified = {2017-01-26 22:51:27 +0000},
	Journal = {Topics in cognitive science},
	Number = {2},
	Pages = {336--350},
	Publisher = {Wiley Online Library},
	Title = {The strategic use of noise in pragmatic reasoning},
	Volume = {7},
	Year = {2015}}

@book{Campbell13_HistoricalLinguistics,
	Author = {Campbell, Lyle},
	Date-Added = {2017-01-26 22:51:00 +0000},
	Date-Modified = {2017-01-26 22:51:00 +0000},
	Publisher = {Edinburgh University Press},
	Title = {Historical linguistics},
	Year = {2013}}

@article{MervisRosch81_CategorizationReview,
	Author = {Mervis, C B and Rosch, E},
	Date-Added = {2017-01-23 23:52:39 +0000},
	Date-Modified = {2017-01-23 23:52:39 +0000},
	Journal = {Annual Review of Psychology},
	Number = {1},
	Pages = {89-115},
	Title = {Categorization of natural objects},
	Volume = {32},
	Year = {1981}}

@article{HawkinsGoldstone16_SocialConventions,
	Author = {Hawkins, Robert X. D. and Goldstone, Robert L.},
	Date-Added = {2017-01-18 10:57:25 +0000},
	Date-Modified = {2017-01-18 10:57:25 +0000},
	Journal = {PLoS ONE},
	Month = {03},
	Number = {3},
	Pages = {1-14},
	Publisher = {Public Library of Science},
	Read = {1},
	Title = {The Formation of Social Conventions in Real-Time Environments},
	Volume = {11},
	Year = {2016}}

@inproceedings{GrafEtAl16_BasicLevel,
	Author = {Graf, Caroline and Degen, Judith and Hawkins, Robert X. D. and Goodman, Noah D.},
	Booktitle = {Proceedings of the 38th Annual Conference of the {C}ognitive {S}cience {S}ociety},
	Date-Added = {2017-01-18 10:35:54 +0000},
	Date-Modified = {2017-01-18 10:35:54 +0000},
	Read = {1},
	Title = {Animal, dog, or dalmatian? Level of abstraction in nominal referring expressions},
	Year = {2016}}

@misc{GoodmanStuhlmuller14_DIPPL,
	Author = {Goodman, Noah D. and Stuhlm{\"u}ller, A.},
	Date-Added = {2017-01-18 09:47:01 +0000},
	Date-Modified = {2017-01-18 09:47:01 +0000},
	Lastchecked = {2015/1/16},
	Title = {The Design and Implementation of Probabilistic Programming Languages.},
	Url = {http://dippl.org},
	Year = {electronic},
	Bdsk-Url-1 = {http://dippl.org}}

@inproceedings{Toutanova03_POStagging,
	Author = {Toutanova, Kristina and Klein, Dan and Manning, Christopher D and Singer, Yoram},
	Booktitle = {{NAACL-HLT}},
	Date-Added = {2017-01-18 01:56:15 +0000},
	Date-Modified = {2017-01-18 01:56:15 +0000},
	Pages = {173--180},
	Title = {Feature-rich part-of-speech tagging with a cyclic dependency network},
	Year = {2003}}

@article{BrennanClark96_ConceptualPactsConversation,
	Annote = {critical for discussing our conventionalization study{\ldots} },
	Author = {Brennan, Susan E and Clark, Herbert H},
	Date-Added = {2017-01-17 07:08:15 +0000},
	Date-Modified = {2017-01-17 07:08:15 +0000},
	Journal = {Journal of Experimental Psychology: Learning, Memory, and Cognition},
	Number = {6},
	Pages = {1482},
	Publisher = {American Psychological Association},
	Title = {Conceptual pacts and lexical choice in conversation.},
	Volume = {22},
	Year = {1996}}

@article{KraussWeinheimer64_ReferencePhrases,
	Annote = {first tangrams convention reference game},
	Author = {Krauss, Robert M and Weinheimer, Sidney},
	Date-Added = {2017-01-17 06:10:18 +0000},
	Date-Modified = {2017-01-17 06:10:29 +0000},
	Journal = {Psychonomic Science},
	Number = {1-12},
	Pages = {113--114},
	Publisher = {Springer},
	Read = {0},
	Title = {Changes in reference phrases as a function of frequency of usage in social interaction: A preliminary study},
	Volume = {1},
	Year = {1964}}

@article{Hawkins15_RealTimeWebExperiments,
	Author = {Hawkins, Robert X. D.},
	Date-Added = {2017-01-16 02:04:55 +0000},
	Date-Modified = {2017-01-17 06:10:29 +0000},
	Journal = {Behavior Research Methods},
	Keywords = {Web experiments; Node.js; Behavioral game theory},
	Number = {4},
	Pages = {966-976},
	Read = {0},
	Title = {Conducting real-time multiplayer experiments on the web},
	Volume = {47},
	Year = {2015}}

@article{Delgado02_ConventionsNetworks,
	Author = {Delgado, Jordi},
	Date-Added = {2017-01-16 01:42:56 +0000},
	Date-Modified = {2017-01-16 01:42:56 +0000},
	Journal = {Artificial intelligence},
	Number = {1},
	Pages = {171--185},
	Publisher = {Elsevier},
	Title = {Emergence of social conventions in complex networks},
	Volume = {141},
	Year = {2002}}

@book{Lewis69_Convention,
	Author = {Lewis, David},
	Date-Added = {2017-01-16 01:40:45 +0000},
	Date-Modified = {2017-01-16 01:40:45 +0000},
	Publisher = {Harvard University Press},
	Title = {Convention: A philosophical study},
	Year = {1969}}

@article{GarrodDoherty94_GroupConventionsLinguistics,
	Author = {Garrod, Simon and Doherty, Gwyneth},
	Date-Added = {2017-01-07 23:52:36 +0000},
	Date-Modified = {2017-01-07 23:52:36 +0000},
	Journal = {Cognition},
	Number = {3},
	Pages = {181--215},
	Publisher = {Elsevier},
	Title = {Conversation, co-ordination and convention: An empirical investigation of how groups establish linguistic conventions},
	Volume = {53},
	Year = {1994}}

@article{GibsonBergenPiantadosi13_RationalIntegrationNoisy,
	Author = {Gibson, Edward and Bergen, Leon and Piantadosi, Steven T},
	Date-Added = {2017-01-06 21:02:57 +0000},
	Date-Modified = {2017-01-06 21:02:57 +0000},
	Journal = {Proceedings of the National Academy of Sciences},
	Number = {20},
	Pages = {8051--8056},
	Publisher = {National Acad Sciences},
	Title = {Rational integration of noisy evidence and prior semantic expectations in sentence interpretation},
	Volume = {110},
	Year = {2013}}

@inproceedings{SmithGoodmanFrank13_RecursivePragmaticReasoningNIPS,
	Author = {Smith, Nathaniel J and Goodman, Noah D. and Frank, Michael C},
	Booktitle = {NIPS},
	Date-Added = {2017-01-06 04:29:59 +0000},
	Date-Modified = {2017-01-17 06:10:30 +0000},
	Pages = {3039--3047},
	Read = {0},
	Title = {Learning and using language via recursive pragmatic reasoning about other agents},
	Year = {2013}}

@article{BergenLevyGoodman16_LexicalUncertainty,
	Annote = {epic paper showing how M-implicatures can be predicted by uncertainty over the lexicon},
	Author = {Bergen, Leon and Levy, Roger and Goodman, Noah D.},
	Date-Added = {2017-01-06 04:14:40 +0000},
	Date-Modified = {2017-01-06 04:14:40 +0000},
	Journal = {Semantics and Pragmatics},
	Number = {20},
	Title = {Pragmatic reasoning through semantic inference},
	Volume = {9},
	Year = {2016}}

@article{GoodmanStuhlmuller13_KnowledgeImplicature,
	Author = {Goodman, Noah D. and Stuhlm{\"u}ller, Andreas},
	Date-Added = {2017-01-06 04:06:11 +0000},
	Date-Modified = {2017-01-06 04:06:11 +0000},
	Journal = {Topics in cognitive science},
	Number = {1},
	Pages = {173--184},
	Publisher = {Wiley Online Library},
	Title = {Knowledge and implicature: Modeling language understanding as social cognition},
	Volume = {5},
	Year = {2013}}

@article{GoodmanFrank16_RSATiCS,
	Author = {Goodman, Noah D. and Frank, Michael C},
	Date-Added = {2017-01-06 03:46:09 +0000},
	Date-Modified = {2017-01-06 03:46:09 +0000},
	Journal = {Trends in Cognitive Sciences},
	Number = {11},
	Pages = {818 - 829},
	Publisher = {Elsevier},
	Title = {Pragmatic language interpretation as probabilistic inference},
	Volume = {20},
	Year = {2016}}

@article{Barr2004_ConventionalCommunicationSystems,
	Author = {Barr, Dale J},
	Date-Added = {2017-01-06 03:24:24 +0000},
	Date-Modified = {2017-01-06 03:24:24 +0000},
	Journal = {Cognitive Science},
	Number = {6},
	Pages = {937--962},
	Publisher = {Elsevier},
	Title = {Establishing conventional communication systems: Is common knowledge necessary?},
	Volume = {28},
	Year = {2004}}

@article{CentolaBaronchelli15_ConventionEmergence,
	Author = {Centola, Damon and Baronchelli, Andrea},
	Date-Added = {2017-01-06 03:05:58 +0000},
	Date-Modified = {2017-01-06 03:06:00 +0000},
	Journal = {Proceedings of the National Academy of Sciences},
	Number = {7},
	Pages = {1989--1994},
	Publisher = {National Acad Sciences},
	Title = {The spontaneous emergence of conventions: An experimental study of cultural evolution},
	Volume = {112},
	Year = {2015}}

@article{ShohamTennenholtz97_EmergenceOfConventions,
	Author = {Shoham, Yoav and Tennenholtz, Moshe},
	Date-Added = {2017-01-06 03:05:21 +0000},
	Date-Modified = {2017-01-06 03:05:23 +0000},
	Journal = {Artificial Intelligence},
	Number = {1},
	Pages = {139--166},
	Publisher = {Elsevier},
	Title = {On the emergence of social conventions: modeling, analysis, and simulations},
	Volume = {94},
	Year = {1997}}

@article{Young15_EvolutionOfSocialNorms,
	Author = {Young, H Peyton},
	Date-Added = {2017-01-06 02:58:59 +0000},
	Date-Modified = {2017-01-06 02:59:02 +0000},
	Journal = {Annual Review of Economics},
	Pages = {359--387},
	Title = {The Evolution of Social Norms},
	Volume = {7},
	Year = {2015}}

@article{ClarkWilkesGibbs86_ReferringCollaborative,
	Author = {Clark, Herbert H and Wilkes-Gibbs, Deanna},
	Date-Added = {2017-01-06 02:36:41 +0000},
	Date-Modified = {2017-01-06 02:37:16 +0000},
	Journal = {Cognition},
	Number = {1},
	Pages = {1--39},
	Publisher = {Elsevier},
	Title = {Referring as a collaborative process},
	Volume = {22},
	Year = {1986}}

@article{BlasiEtAl16_SoundMeaningAssociation,
	Author = {Blasi, Dami{\'a}n E. and Wichmann, S{\o}ren and Hammarstr{\"o}m, Harald and Stadler, Peter F. and Christiansen, Morten H.},
	Date-Added = {2017-01-06 02:36:25 +0000},
	Date-Modified = {2017-01-06 02:36:25 +0000},
	Journal = {Proceedings of the National Academy of Sciences},
	Number = {39},
	Pages = {10818-10823},
	Title = {Sound--meaning association biases evidenced across thousands of languages},
	Volume = {113},
	Year = {2016}}

@article{LewisFrank16_LengthOfWordsComplexity,
	Author = {Lewis, Molly L. and Frank, Michael C.},
	Date-Added = {2017-01-06 02:36:13 +0000},
	Date-Modified = {2017-01-06 02:37:10 +0000},
	Issn = {0010-0277},
	Journal = {Cognition},
	Keywords = {Language evolution},
	Pages = {182 - 195},
	Title = {The length of words reflects their conceptual complexity},
	Volume = {153},
	Year = {2016}}

@article{DingemanseEtAl15_IconicityLanguage,
	Author = {Dingemanse, Mark and Blasi, Dami{\'a}n E and Lupyan, Gary and Christiansen, Morten H and Monaghan, Padraic},
	Date-Added = {2017-01-06 02:35:58 +0000},
	Date-Modified = {2017-01-06 02:35:58 +0000},
	Journal = {Trends in cognitive sciences},
	Number = {10},
	Pages = {603--615},
	Publisher = {Elsevier},
	Read = {1},
	Title = {Arbitrariness, Iconicity, and Systematicity in Language},
	Volume = {19},
	Year = {2015}}

@article{MonaghanEtAl14_ArbitraryLanguage,
	Author = {Monaghan, Padraic and Shillcock, Richard C and Christiansen, Morten H and Kirby, Simon},
	Date-Added = {2017-01-06 02:35:45 +0000},
	Date-Modified = {2017-01-06 02:37:03 +0000},
	Journal = {Philosophical Transactions of the Royal Society B: Biological Sciences},
	Number = {1651},
	Pages = {20130299},
	Publisher = {The Royal Society},
	Title = {How arbitrary is language?},
	Volume = {369},
	Year = {2014}}

@article{ComanEtAl16_MnemonicConvergence,
	Author = {Coman, Alin and Momennejad, Ida and Drach, Rae D. and Geana, Andra},
	Date-Added = {2017-01-06 02:35:30 +0000},
	Date-Modified = {2017-01-06 02:37:00 +0000},
	Journal = {Proceedings of the National Academy of Sciences},
	Number = {29},
	Pages = {8171-8176},
	Read = {1},
	Title = {Mnemonic convergence in social networks: The emergent properties of cognition at a collective level},
	Volume = {113},
	Year = {2016}}

@article{StolkVerhagenToni16_ConceptualAlignment,
	Author = {Stolk, Arjen and Verhagen, Lennart and Toni, Ivan},
	Date-Added = {2017-01-06 02:35:19 +0000},
	Date-Modified = {2017-01-06 02:35:19 +0000},
	Journal = {Trends in Cognitive Sciences},
	Number = {3},
	Pages = {180--191},
	Publisher = {Elsevier},
	Read = {1},
	Title = {Conceptual Alignment: How Brains Achieve Mutual Understanding},
	Volume = {20},
	Year = {2016}}

@incollection{Grice75_LogicConversation,
	Address = {New York},
	Author = {Grice, H. P.},
	Booktitle = {Syntax and Semantics},
	Editor = {Cole, P. and Morgan, J.},
	Pages = {43--58},
	Publisher = {Academic Press},
	Title = {Logic and conversation},
	Year = {1975}}

@article{Strawson64_IntentionConvention,
	Author = {Strawson, Peter F},
	Date-Added = {2017-01-06 02:35:07 +0000},
	Date-Modified = {2017-01-06 02:36:56 +0000},
	Journal = {The philosophical review},
	Pages = {439--460},
	Publisher = {JSTOR},
	Title = {Intention and convention in speech acts},
	Year = {1964}}
